<?xml version="1.0" encoding="UTF-8"?><collection xmlns="http://www.loc.gov/MARC21/slim"><record><leader>00327nam--2200133-i-4500</leader><controlfield tag="001">000010032</controlfield><controlfield tag="002">20161230</controlfield><controlfield tag="005">20161230201028</controlfield><controlfield tag="008">060222s1000------------r-----000-0-eng-d</controlfield><datafield ind1=" " ind2=" " tag="080"><subfield code="a">541.63</subfield></datafield><datafield ind1=" " ind2=" " tag="100"><subfield code="a">Anh, Nguyen Trong</subfield></datafield><datafield ind1=" " ind2=" " tag="245"><subfield code="a">Les regles de woodward-hoffmann</subfield></datafield><datafield ind1=" " ind2=" " tag="260"><subfield code="a">Paris, Ediscience, 1970 Ix + 196 P</subfield></datafield><datafield ind1=" " ind2=" " tag="852"><subfield code="a">36422</subfield></datafield></record></collection>